<?xml version="1.0" encoding="UTF-8"?><collection xmlns="http://www.loc.gov/MARC21/slim"><record><leader>00453nam--2200145-i-4500</leader><controlfield tag="001">000007795</controlfield><controlfield tag="002">20161230</controlfield><controlfield tag="005">20161230201027</controlfield><controlfield tag="008">060222s1000------------r-----000-0-eng-d</controlfield><datafield ind1=" " ind2=" " tag="080"><subfield code="a">621.384.63</subfield></datafield><datafield ind1=" " ind2=" " tag="100"><subfield code="a">Bruck, Henri</subfield></datafield><datafield ind1=" " ind2=" " tag="245"><subfield code="a">Accelerateurs circulaires de particules. introduction a la theorie</subfield></datafield><datafield ind1=" " ind2=" " tag="260"><subfield code="a">Paris, Presses Universitaires De France, 1966. Xii + 358 P</subfield></datafield><datafield ind1=" " ind2=" " tag="490"><subfield code="a">Bibliotheque Des Sciences Et Techniques Nuclea Ires</subfield></datafield><datafield ind1=" " ind2=" " tag="852"><subfield code="a">24797</subfield></datafield></record></collection>